2732 4652
83 827 1109 932 MENANDRIFRAGMENTA.

274 1059 919 1147 ExunArnluua

279 1283 310 1333 1.
336 1267 394 1330 Ex
412 1259 454 1360 J.
472 1260 580 1334 Stobaei
598 1263 714 1333 Floril.
734 1261 801 1334 Tit.
820 1259 926 1336 VIII.

79 1287 241 1470 Quid
260 1361 393 1433 necelle
408 1359 458 1433 est
476 1359 583 1434 multa
600 1362 783 1436 timentem
802 1358 911 1436 multa
929 1361 1084 1440 stemate?

412 1458 771 1534 mHMMX

254 1591 376 1608 ---
399 1551 555 1633 Difficile
572 1559 724 1634 invenire
741 1577 930 1659 cognatum
962 1630 964 1641 ,

82 1653 235 1758 Pauperis
258 1661 328 1752 est,
353 1684 457 1736 neruo
474 1661 567 1732 enim
583 1657 709 1733 fatetur

85 1755 122 1827 Se
141 1761 355 1859 cognatione
372 1760 574 1860 contingere
592 1782 695 1848 eum,
720 1759 779 1858 qui
789 1759 916 1834 auxilio
926 1759 1090 1860 quopiam

85 1853 213 1958 Indiget
223 1891 238 1948 3
261 1885 341 1934 nam
358 1857 457 1932 fimul
475 1853 713 1956 exspediatitse
722 1857 896 1956 quidpiam
908 1857 1117 1959 postulatum

354 1978 387 2056 3.
412 1959 593 2028 Excudent
612 1957 677 2027 Tit.
696 1956 837 2032 XLIII.
1052 1962 1119 2058 (iri.

88 2052 117 2128 si
130 2056 293 2158 injuriam
310 2057 514 2132 inferentem
532 2054 686 2133 alacriter
702 2055 913 2160 propulsaret

93 2271 242 2346 dddmulta
258 2290 349 2349 cauto,
369 2276 452 2336 multa
466 2275 525 2334 ciam
536 2275 643 2347 rimans,
662 2287 739 2348 opust
757 2273 886 2348 Quorum
901 2275 1048 2336 verborum
1065 2277 1121 2356 pri:

96 2347 127 2407 mi
140 2351 232 2432 specie
249 2354 425 2413 obscurorum
439 2352 527 2412 sensus
542 2352 579 2412 est
588 2395 598 2423 ‚
618 2351 741 2429 praellate
755 2351 907 2430 relinquere
921 2371 983 2411 earn
999 2355 1062 2414 vitae
1077 2373 1120 2412 ra·

92 2427 181 2488 tionem
199 2475 210 2500 ,
244 2432 273 2487 in
296 2450 348 2506 qua
361 2431 447 2490 multa
462 2431 524 2491 sunt
539 2429 683 2501 timenda,
702 2447 738 2486 ne
750 2447 880 2507 perpetua
897 2431 1059 2504 anxietate,
1084 2429 1121 2492 ad

91 2507 211 2566 nvendas
227 2505 340 2566 infidias
356 2550 367 2579 ,
385 2527 455 2586 opus
469 2505 510 2566 fit.
536 2509 580 2565 Sic
596 2511 745 2585 Tyrannus
760 2507 845 2582 neceffe
860 2506 893 2580 est
907 2505 1001 2564 multos
1016 2511 1119 2576 timeat,

89 2598 149 2658 quem
163 2586 247 2642 multi
257 2585 350 2641 timent
358 2626 369 2656 ,
387 2603 417 2644 ut
432 2583 469 2641 est
487 2586 516 2642 in
531 2583 620 2644 nobili
635 2592 667 2641 P.
681 2585 738 2658 syri
749 2581 854 2646 senario
870 2626 880 2651 ,
920 2583 1060 2662 raestitque
1075 2603 1119 2662 ty·

88 2660 191 2718 tannide
208 2659 238 2718 se
253 2662 395 2732 abdicare,
413 2665 498 2737 quim
513 2659 599 2718 multa
615 2661 762 2718 timentem
776 2678 833 2718 tarn
849 2603 934 2718 mulia
944 2679 1048 2721 cavere.
1071 2663 1121 2720 At-

89 2749 171 2794 tamen
186 2736 255 2796 riam
271 2737 471 2806 comoediam,
492 2756 550 2794 non
563 2737 769 2816 Tragoediam,
795 2737 891 2812 inqua
907 2736 962 2795 sola
979 2738 1120 2816 Tyrannis

89 2809 121 2867 est
134 2812 228 2883 locus,
249 2814 380 2893 scripserit
393 2815 536 2872 Menander
552 2856 562 2884 ,
580 2815 678 2872 malian
697 2815 781 2905 priori
794 2812 871 2875 sensu
888 2813 1056 2892 intelligere,
1074 2811 1121 2873 seu

89 2885 118 2944 de
130 2894 268 2950 anxietate
284 2893 378 2951 divitis
393 2892 515 2950 timentis
531 2909 566 2947 ne
581 2909 666 2968 quam
677 2890 838 2949 divitiarum
854 2888 1016 2971 particulam
1042 2891 1124 2950 amit*
1164 2883 1172 2900 ‘

87 2977 129 3022 tat.
147 2969 221 3028 Vide
236 2967 389 3027 Philemonis
402 2967 437 3027 fr.
452 2971 617 3030 xxxvlll.
639 2968 747 3026 intettae
764 2966 933 3026 Comoediae.

122 3061 147 3100 2.
159 3043 259 3122 ’'Epyar
281 3047 358 3124 tigria
378 3047 449 3121 δια]
472 3049 532 3102 Hos
545 3042 635 3104 versus
648 3043 759 3102 adducit
777 3054 818 3101 Μ.
836 3051 902 3110 Ant.
920 3051 1038 3104 Muretus
1052 3048 1123 3102 Var.

88 3112 158 3250 Illefl.
169 3125 236 3184 Lib.
249 3127 291 3181 11.
307 3142 331 3183 c.
350 3133 377 3180 6.
395 3140 425 3180 ut
440 3119 553 3180 illustret
566 3119 851 3182 hosceTerentianos.
868 3119 1123 3183 Phormionisnu.

116 3203 163 3256 .8.
178 3205 210 3259 11
243 3217 309 3259 ton

156 3244 232 3357 Qiia
244 3295 311 3352 egens
323 3275 410 3334 ruina
424 3273 457 3353 est
471 3273 578 3352 misera,
599 3275 732 3359 ignoratur
741 3287 849 3363 parens,

154 3355 299 3430 Negligitur
307 3352 374 3430 apsi,
395 3355 473 3420 vide,
493 3353 608 3414 auaritia
621 3351 768 3430 quidfant.

120 3438 147 3487 ⁶.
166 3431 237 3490 Elm
269 3429 308 3488 τὶν
322 3429 438 3490 dicarint·
455 3431 523 3508 &c.]
546 3429 664 3508 Egregia
679 3427 744 3486 sani
768 3425 901 3488 sententia
917 3443 944 3486 at
963 3445 997 3483 ue
1011 3443 1045 3484 ex
1060 3425 1124 3486 lnti-

91 3521 132 3562 ma
153 3507 234 3566 Philo
266 3506 331 3586 plria
354 3506 486 3565 desumta.
511 3505 582 3563 Solon
596 3507 779 3584 interrogatur
794 3525 842 3582 quo
857 3504 930 3562 modo
937 3445 996 3578 pieri
1004 3503 1124 3580 possetne

91 3583 165 3656 qudtn
179 3585 287 3643 minimi
300 3583 412 3654 homines
426 3583 498 3642 alios
512 3581 609 3660 injurii
622 3582 774 3656 adficerent?
793 3581 950 3660 respondit,
963 3577 985 3650 fi
999 3585 1044 3656 qui
1059 3581 1125 3656 inju-

92 3656 130 3714 rii
143 3679 192 3718 non
207 3660 365 3734 adficiuntur
383 3660 542 3718 laudaliter
556 3659 698 3716 doleantur
713 3656 811 3733 injurii
825 3655 919 3729 adsedit
935 3678 944 3712 .·
972 3659 1029 3728 πῦρ
1044 3652 1124 3721 ἔμω

94 3733 205 3795 ditaris·
222 3738 380 3814 oiiiadpnnu
397 3757 407 3805 3
435 3738 457 3794 ti
476 3737 566 3807 ὅμοίως
582 3778 593 3807 ,
617 3735 667 3805 ’ἔφη
683 3778 693 3802 ,
720 3735 839 3808 ἄχθοιντο
856 3735 908 3799 τοῖς
922 3729 1084 3799 {denuntiarat
1099 3732 1123 3790 al

96 3810 127 3880 nl
138 3812 297 3886 ὶὲιιὲμενοι.
319 3813 393 3890 Diog.
407 3818 523 3871 Latratus
539 3818 565 3884 1,
578 3835 620 3883 59·
641 3811 713 3869 Ideo
729 3813 800 3868 inter
813 3827 948 3888 praecepta
965 3809 1136 3888 Pythagora:¹

96 3884 142 3956 hot
154 3888 207 3953 fuit
222 3913 234 3964 a¹
255 3888 359 3968 Legibus
374 3901 443 3968 opem
449 3891 585 3964 ,serendam
600 3931 628 4022 λ
639 3889 804 3968 iniquitatem
817 3886 1008 3970 oppugnandam
1023 3908 1031 3945 .·
1060 3885 1128 3956 vlup

648 3983 664 4022 2
1067 3971 1132 4040 dm,
