2764 4652
170 205 527 292 muunnom
576 203 982 288 rnnonnnrn.
1033 227 1111 318 205

70 339 152 423 Nos
168 342 309 433 fallunt,
334 333 418 414 clun
437 338 503 414 s1nt
520 339 618 414 nobis
635 339 829 441 superiores.

128 527 133 530 ,
209 470 264 540 15.
292 448 398 550 Apud
413 451 545 518 Sextum
564 455 690 550 Empir.
709 445 791 522 Lib.
810 447 839 522 Ι.
855 473 892 550 p.
912 471 973 525 22.

70 554 191 656 Qualis
209 555 313 628 etiam
329 553 428 628 vultu
446 554 511 627 elle
528 553 684 646 videtur,

70 658 127 730 Ex
144 679 215 754 quo
233 654 305 727 talis
322 651 429 727 faetus
447 650 520 745 est,
543 653 647 752 qualis
663 651 712 726 est
729 651 823 728 fera?

69 756 264 833 Neminem
284 752 407 852 injurid
422 750 571 826 adficere
586 751 690 826 etiam
707 745 817 826 bonos
833 777 895 828 nos
913 753 1006 830 facit.
1126 842 1129 854 ‚

200 865 256 931 16.
282 854 479 958 ΛΜΝ,
502 863 558 930 16.
583 856 715 930 'Stobm
727 861 815 930 Flor.
833 857 898 933 Ὶῖτ.
914 857 984 934 ΙΙΙ.

69 963 201 1040 Omnia
216 958 408 1062 prudentia:
425 957 584 1034 serviunt.
648 955 651 960 ’

394 1106 397 1122 ‹
476 1086 540 1163 17.
567 1065 703 1140 Ibidem.

71 1172 225 1272 Quando
242 1168 306 1245 tibi
321 1167 404 1242 alius
422 1169 583 1264 aliquanto
601 1170 676 1268 plus
693 1168 802 1244 nihilo
818 1169 971 1266 dederit,

71 1273 206 1371 Accipe
223 1295 299 1344 eam
318 1267 517 1367 particulam
527 1300 540 1356 ς
567 1291 646 1344 nam
665 1269 768 1368 qutm
787 1269 873 1344 nihil
890 1275 1065 1372 accipere,

73 1375 195 1446 Minus
212 1371 367 1468 accipere
384 1365 496 1440 multb
513 1369 621 1467 majus
637 1366 702 1442 tibi
720 1370 795 1442 erit.

428 1467 485 1544 18.
510 1473 596 1544 Ibid.
615 1475 679 1546 tit.
698 1471 764 1549 IV.

72 1573 308 1674 Imprudentia
324 1568 453 1644 malum
471 1567 1106 1746 estalmortalibuslponteaccetfitum,

73 1673 170 1750 Cium
189 1695 225 1749 te
242 1671 311 1772 ipse
327 1668 452 1769 injurii
467 1669 652 1842 adfecffi'
676 1673 759 1774 quid
797 1675 1107 1752 ortunamincusas?

484 1793 539 1855 19.
606 1802 617 1842 a
642 1799 702 1843 em.

72 1871 310 1978 Imprudentia
325 1867 412 1942 mihi
429 1867 565 1944 videtur
578 1896 630 1944 res
647 1895 751 1946 caeca

478 1991 539 2042 20.
565 1969 701 2042 Ibidem.

73 2072 224 2149 Stultitia
242 2070 328 2145 mihi
346 2068 483 2143 videtur
497 2069 694 2160 manifesta,
1001 2078 1107 2168 (vere.

71 2175 402 2274 Scirequaecumque
411 2185 563 2269 oportet;
567 2168 680 2339 Ispddab
689 2170 814 2269 iisquae
823 2188 962 2272 oportet
971 2194 1041 2246 non
1049 2197 1106 2246 ca·

482 2291 541 2341 21.
606 2297 617 2337 ι
644 2296 704 2339 em.
1096 2307 1099 2317 ‚
1142 2320 1166 2376 s

72 2364 169 2440 Cum
186 2370 260 2466 quis
275 2370 312 2441 in
328 2367 469 2468 opibus,
495 2365 532 2438 &
546 2365 785 2443 benevolentes
792 2367 858 2458 ſsbt
873 2359 1020 2462 habens,

70 2465 213 2566 Quaerit
226 2468 356 2568 aliquid
373 2467 493 2546 melius
510 2467 571 2558 iis,
596 2491 678 2566 quae
690 2468 815 2562 habet,
840 2471 964 2569 quaerit
980 2469 1076 2545 mab.

71 2667 113 2734 lv,
134 2665 208 2724 male
223 2667 371 2744 repetitum
386 2687 419 2726 ex
432 2665 554 2747 eoquod
568 2659 701 2742 sequitur,
718 2663 795 2726 sensu
807 2666 885 2726 nullo
892 2708 903 2740 ,
922 2669 969 2746 qui
987 2687 1060 2728 nunc
1073 2688 1105 2729 o-

72 2745 187 2823 ptimus.
205 2744 266 2800 Plus
281 2743 376 2817 nihilo,
395 2743 426 2802 id
439 2743 495 2815 est,
514 2744 805 2822 quantulumcumque.
822 2743 934 2802 Grotius.

113 2841 158 2888 3¹·
171 2818 277 2900 Ἄνοιι]
298 2823 352 2881 Hie
364 2817 439 2880 dioro
454 2841 512 2880 non
526 2819 565 2884 ell
579 2820 763 2896 imprudentia
779 2820 905 2896 quaedam
921 2819 1105 2900 ignoscenda,

72 2903 102 2956 δι
119 2915 178 2974 quae
192 2915 226 2954 ex
242 2898 379 2975 imperitia
393 2897 500 2956 rantum
517 2896 664 2964 nascatur,
680 2896 736 2954 *sed
752 2915 811 2973 quae
826 2915 911 2974 pravo
922 2899 1041 2974 cuipiam
1058 2899 1105 2958 ad·

71 2973 156 3032 fedol
173 2991 266 3032 ortum
282 2975 371 3033 debet.
405 2978 472 3050 Quo
485 2973 559 3032 sensu
573 2978 601 3030 δι
624 2978 652 3031 in
675 2973 848 3052 sequentibus
866 2973 1007 3032 lumenda.
1041 2979 1104 3034 No·

72 3053 150 3109 mina
164 3049 296 3108 virtutum
309 3057 338 3110 de
354 3047 533 3110 vitiorum'ex
547 3071 602 3108 una
616 3050 712 3129 lingua
726 3053 755 3106 in
770 3051 853 3108 aliam
873 3051 942 3130 saepe
956 3049 1106 3112 difficulter

70 3125 297 3262 gansluuduntur'
311 3170 322 3200 ‚
348 3127 450 3208 quade
464 3147 493 3186 re
508 3128 629 3188 diximus
642 3132 719 3187 Artis
733 3128 830 3186 critice
843 3131 915 3188 Part.
933 3147 959 3187 2.
976 3131 1045 3188 Sed.
1062 3135 1106 3188 11.

100 3225 159 3350 ⁰3³2,
177 3281 219 3339 Τι’
231 3280 325 3341 camb
340 3281 408 3362 dee]
436 3283 506 3338 Non
522 3279 598 3339 illico
612 3279 723 3358 quidem
737 3278 783 3339 lile
799 3277 889 3338 versus
905 3281 986 3357 pelori
1000 3277 1106 3350 subiici·

72 3375 134 3429 tur,
154 3358 227 3437 apud
242 3359 362 3417 Stultum
379 3403 388 3427 ,
415 3357 461 3416 sed
475 3355 637 3436 interpofito
650 3357 773 3433 ¹sophoclis
787 3356 872 3416 versu.
901 3359 1032 3436 Attamen
1047 3377 1105 3417 tam

73 3437 137 3568 ppelb
152 3436 307 3568 {obaelrerlrn
328 3453 418 3516 utens
427 3437 601 3566 conjunget&
608 3433 982 3568 piaeulprnnonplepxerirnus.
1005 3437 1107 3492 Grotius

73 3533 104 3568 m
137 3529 248 3568 nrcuo
274 3529 388 3570 ocorum
404 3532 437 3569 ex
453 3529 561 3570 rneerns
603 3529 682 3568 omoe
704 3531 810 3570 nsomr
840 3527 889 3566 ret.

117 3595 161 3654 36.
180 3587 299 3656 Ἐπάνῖις
320 3593 391 3665 &c.]
415 3590 442 3647 Si
466 3589 524 3663 quie
548 3607 567 3644 o
604 3588 714 3646 shabet
728 3592 756 3645 ee
773 3587 965 3646 benevolentia
983 3590 1109 3658 civium,

70 3659 132 3721 rlne
146 3665 266 3734 invidia,
288 3662 401 3728 fmir'urt
422 3663 489 3724 nibil
505 3607 628 3722 allodio
642 3667 699 3720 ulta
713 3681 814 3742 querat
829 3682 957 3740 oportet,
976 3666 1110 3742 omnine·

74 3743 155 3812 nim,
175 3758 270 3818 preter
286 3743 362 3812 haec,
380 3741 442 3802 suot
453 3741 537 3802 mala.
575 3740 661 3812 Quod
678 3758 771 3799 remen
786 3757 845 3798 non
859 3739 897 3799 est
910 3742 946 3801 ad
959 3747 1055 3806 vivum
1069 3743 1111 3799 nl-

74 3820 129 3878 mie
143 3817 328 3881 resecandum.
793 3830 797 3842 ·

945 3937 985 3964 .·
1068 3933 1168 3996 33,-
