2732 4652
311 157 865 266 DEDICATIO.

121 301 203 386 Sed
223 301 416 390 difficiles
436 306 477 388 in
495 303 692 416 ejusmodi
712 303 871 404 verbis,
903 331 995 416 quae
1014 303 1105 392 usus

59 411 139 522 jam
163 420 326 501 dudum
347 417 564 514 emollivit,
595 419 638 502 &
658 417 870 531 necessaria
893 417 1104 516 fecit,nos

64 523 1102 637 essenonoportet.Utinammodolibertas,hocest,

63 638 257 747 legitimis
288 642 332 724 δι
353 643 477 750 aequis
494 641 648 753 legilhts
669 641 760 726 solis
778 643 944 751 parendi
965 641 1104 726 neces·

62 746 174 848 sum,
208 749 367 862 ubique
385 755 539 863 vigeret
558 759 575 838 l
599 753 764 838 Utinam
784 755 985 862 loquendi
1006 755 1102 837 scri·

62 859 275 971 bendique
296 917 310 962 ,
341 863 369 948 sr
387 865 442 949 ita
461 867 696 963 videretur,
725 893 771 949 ea
789 865 942 976 ubique
968 866 1101 950 omni-

61 969 133 1056 bus
151 974 275 1058 fieret
295 975 487 1084 potestas,
518 983 627 1087 qul,
657 1004 929 1088 quaecumque
949 1003 1103 1062 neere-

58 1083 131 1170 ttae
140 1083 432 1186 Rationi,nec
450 1089 607 1176 coelesti
627 1089 885 1175 Revelationi
897 1089 1102 1174 contraria

57 1195 219 1295 essent,
260 1199 312 1300 &j
334 1201 472 1286 dicere
499 1201 541 1286 δε
570 1203 613 1290 in
635 1201 844 1310 publicum
865 1206 988 1287 edere
1006 1202 1101 1286 lice·

57 1313 138 1391 ret!
170 1309 345 1396 Utinam
363 1311 586 1421 disceptare
604 1317 657 1398 de
675 1313 795 1398 rebus
815 1314 947 1398 dubiis
966 1341 1012 1398 ac
1025 1313 1100 1398 ob*

57 1421 180 1505 scuris
197 1449 289 1508 non
308 1423 522 1511 haberetur
541 1423 679 1532 pallrm
699 1425 825 1511 scelus
844 1426 1018 1524 divinis,
1050 1449 1097 1512 ut

58 1535 202 1644 vulgus
224 1531 365 1643 putat,
397 1536 659 1647 humanisque
679 1537 1096 1649 legibusdamnntum

59 1643 335 1754 &exquisitis
353 1649 553 1758 suppliciis
573 1649 836 1760 expiandum!
870 1649 1026 1734 Verltm
1046 1677 1098 1734 ne

58 1761 162 1864 apud
183 1757 362 1844 Graecos
381 1762 547 1871 quidem
567 1761 716 1848 olim&
729 1760 1095 1858 Romanoseafuit‚

58 1869 162 1954 hisce
189 1873 236 1954 in
265 1870 419 1970 rebus,
457 1873 619 1958 libertas
641 1910 661 1972 ,’
699 1899 792 1984 quae
820 1873 899 1958 else
925 1871 1095 1970 debuit;

58 2007 307 2094 quamquam
330 1983 461 2070 multo
482 1985 607 2094 major
626 2005 711 2069 erat
735 2053 744 2082 ‚
785 1991 907 2096 quam
927 1985 1094 2095 usquam

61 2092 206 2194 hodie,
239 2118 286 2180 ut
305 2122 359 2181 ex
378 2100 588 2183 contrariis
605 2097 944 2207 Philosophorum
965 2097 1094 2196 sestis,

65 2231 233 2312 quarum
260 2209 366 2293 nulla
396 2229 531 2295 tamen
560 2231 646 2294 erat
663 2213 822 2309 vetita,
869 2205 1095 2320 intelligere

63 2317 275 2424 possumus
1064 2342 1067 2350 '

106 2431 229 2529 Nec,
251 2450 299 2515 ut
318 2435 370 2518 de
387 2431 525 2518 Poe'tis
543 2433 709 2544 loquar,
740 2437 845 2542 apud
865 2433 1091 2540 Aristopha-

58 2569 138 2624 nem
156 2543 356 2642 tantum,
396 2546 509 2654 cujus
527 2550 644 2630 unius
671 2548 836 2638 Comici
867 2547 1005 2632 Graeci
1034 2549 1092 2634 sa-

55 2651 164 2738 bulae
179 2657 352 2766 integrae
370 2655 581 2764 supersunt
605 2722 622 2758 ,
650 2657 809 2768 scriptte
830 2685 881 2743 eo
901 2679 1092 2770 tempore

53 2793 138 2874 quo
174 2767 332 2852 summa
359 2787 444 2852 erat
473 2767 743 2856 Comicorum
772 2772 968 2867 licentia;
1021 2773 1091 2856 sed

20 2925 21 2930 κ
50 2879 177 2962 etiam
208 2880 253 2962 in
270 2880 511 2966 recentioris
528 2880 761 2967 Comoediae
785 2943 797 2980 ,
839 2909 931 2992 quae
952 2889 1093 2969 mode·

53 2988 151 3074 llior
169 2991 302 3075 multd
322 2990 425 3089 fuit,
455 2993 674 3078 Poetarum
695 2995 896 3103 reliquiis,
929 3023 975 3080 ea
994 2998 1087 3080 sunt

53 3101 252 3186 libertatis
289 3103 540 3212 specimina,
591 3133 683 3214 quae
713 3103 795 3189 fine
822 3108 1088 3194 admiratione

54 3239 162 3297 nunc
181 3215 319 3324 legere
338 3242 422 3300 non
442 3213 657 3323 possumus.
686 3213 894 3326 Juslinns',
915 3219 1104 3303 Clemens'

20 3359 22 3390 t
54 3326 377 3428 Alexandrinus,
409 3327 600 3436 Eusebius
617 3328 893 3428 Caesariensts,
922 3333 1011 3429 alii,
1034 3355 1088 3421 ex

53 3437 245 3544 primaeva
262 3441 528 3550 antiquitate,
558 3440 696 3526 Patres
717 3445 860 3527 multas
881 3471 931 3526 ex
943 3445 989 3527 iis
998 3443 1090 3530 sen-

56 3549 199 3633 tentias
217 3549 389 3660 insrgnes
405 3554 614 3662 protulere
634 3591 646 3650 ;
687 3555 835 3664 quibus
854 3581 939 3639 non
962 3560 1089 3643 modo
1117 3570 1119 3575 ’

55 3661 241 3746 ridentur
271 3661 518 3749 Graecorum
548 3690 723 3762 mores,
765 3666 1090 3780 castigantt'trque

55 3772 173 3876 vitia,
202 3773 273 3865 sed
292 3776 416 3865 etiam
435 3775 609 3928 Ethnicp
627 3777 792 3898 Religio
803 3781 962 3890 prorsus
974 3809 1091 3910 ever.

631 3919 651 3991 3
702 3961 706 3974 .
816 3973 821 3983 ,
962 3915 1086 3996 tatur,
