2764 4644
178 203 585 284 PHILEMONIS
619 206 1037 288 FRAGMENTA.
1066 227 1138 314 357

95 325 217 430 Duplb
233 322 308 426 sant}
325 336 455 434 majora
473 334 585 428 mala,
611 337 713 438 quim
732 366 769 414 re
788 343 868 416 veri
885 342 960 418 sunt
1112 384 1120 418 ι

437 468 499 546 47.
523 445 610 519 Ibid.
630 449 694 522 sit.
716 449 798 522 CII.

95 555 138 627 N
139 581 158 628 e
177 558 329 632 medicus
347 559 487 658 quidem
505 583 611 651 unuS,
637 560 662 634 fi
680 586 753 634 rem
772 561 859 637 bene
877 559 1079 654 confideres,

14 682 34 710 w
96 654 169 752 lpse
185 656 258 729 suos
276 658 403 730 amicos
423 657 498 731 vult
513 659 643 750 valere,
692 717 695 725 .
754 741 756 746 ,

94 751 137 827 N
138 779 178 828 ec
196 755 292 829 miles
312 756 486 830 civitatem
507 756 623 830 videre
642 756 711 830 fine
728 759 830 834 malo.

496 867 559 965 48.
584 871 730 944 Ibidem.

92 981 177 1053 Hoc
195 981 332 1059 medico
349 982 410 1056 soli
429 970 627 1082 &patrono
646 982 817 1060 causarum
886 1041 888 1046 ‚

91 1080 216 1172 Licet,
236 1081 420 1173 occidere,
446 1105 511 1154 nec
528 1102 643 1156 tamen
661 1083 785 1156 occidi.
890 1093 892 1098 '

353 1270 357 1278 .
431 1221 491 1296 49.
518 1199 603 1272 Ibid.
620 1201 687 1272 Tit.
706 1199 789 1274 CV.

89 1312 189 1410 Saepe
204 1313 264 1410 qui
281 1338 324 1386 ne
341 1314 520 1388 necessaria
537 1312 675 1412 quidem
696 1339 787 1387 nunc
805 1312 974 1406 habebat,
1084 1321 1086 1326 '

89 1411 173 1484 Cras
189 1411 281 1484 dives
300 1409 407 1485 fastus
423 1413 493 1504 est,
517 1432 557 1484 ut
575 1412 612 1484 &
628 1414 710 1488 alios
729 1414 842 1485 aleret.

88 1507 163 1608 Qi
180 1507 369 1586 thesaurum
387 1512 561 1584 invenerat
579 1511 703 1603 hodie,
729 1511 1026 1613 crastini'temporis

89 1609 220 1682 Omnia
235 1633 278 1682 ex
299 1609 426 1684 aedibus
443 1610 505 1683 suis
524 1609 643 1683 amifit.

398 1751 459 1824 50.
486 1727 571 1800 lbid.
593 1727 658 1800 Ti.
676 1699 827 1802 cvm.

88 1837 168 2010 Εἱο
186 1859 313 1938 praeter
331 1840 473 1913 modum
494 1839 595 1916 doleo

88 1937 125 2010 O
168 1938 364 2037 praesentia,
388 1939 444 2011 sed
461 1940 497 2010 in
513 1940 646 2012 tristitia
661 1940 784 2012 mentis
804 1963 947 2034 compos
966 1936 1049 2011 sum.

11 2079 12 2088 .
86 2033 172 2110 Hoc
191 2037 241 2110 est
258 2037 351 2138 quod
368 2061 425 2111 me
443 2038 548 2112 servat
560 2038 603 2111 ’δε
622 2041 797 2112 hominem
816 2039 910 2110 facit.

495 2179 554 2253 51·
583 2153 717 2226 Ibidem.

86 2269 223 2367 Maiora
242 2269 329 2342 mala
347 2266 476 2340 faciunt
494 2266 613 2357 multi,
640 2265 662 2338 ὃ
683 2267 784 2359 here,

85 2367 153 2465 Ipfi
171 2368 303 2466 perse,
328 2366 430 2467 quim
448 2366 522 2462 sunt
539 2365 595 2438 sui
613 2367 742 2438 naturi.
795 2387 797 2398 ¹

84 2469 164 2558 sic,
189 2487 343 2540 mortuus
360 2466 410 2538 est
428 2463 539 2555 filius,
564 2483 621 2538 aut
639 2485 746 2538 mater
763 2465 934 2562 cuipiam,

82 2565 173 2657 Vel,
198 2590 260 2666 per
273 2566 421 2662 Jovem,
444 2563 701 2636 necessariorum
721 2563 893 2661 quispiam.
1010 2563 1018 2580 ‘

82 2665 119 2738 Si
137 2690 210 2738 rem
227 2671 274 2737 ita
290 2666 455 2763 accipiat:
483 2684 636 2757 mortuus
654 2661 724 2753 est,
751 2688 828 2736 nam
848 2681 919 2736 erat
935 2659 1067 2750 homo,

79 2763 233 2837 Tantum
254 2763 296 2837 fit
314 2766 463 2854 malum,
489 2782 653 2861 quantum
673 2790 708 2830 re
725 2761 805 2832 ver'a‘
826 2783 907 2834 erat.
997 2762 1115 2853 (debo‚

81 2859 208 2936 Sivcrii
217 2866 371 2934 exclamet
382 2865 474 2954 :vita
483 2887 552 2934 non
563 2861 611 2932 est
621 2861 740 2949 vitalis,
750 2886 819 2931 non
829 2854 974 2960 amplihs
985 2888 1053 2930 eum
1062 2863 1113 2935 vi-

79 2963 209 3049 Periit3
235 2963 272 3034 in
288 2961 393 3034 semet
412 2961 482 3060 ipso
501 2959 526 3032 fi
542 2959 611 3035 hoc
631 2957 843 3053 confideret,

78 3061 112 3133 Is
131 3080 255 3158 praeter
274 3059 361 3132 mala
376 3086 456 3130 vera
476 3060 538 3131 alia
554 3059 641 3132 mala
659 3059 802 3158 colligit.

78 3159 225 3256 Sedqui
243 3159 373 3231 ratione
392 3159 507 3230 omnia
523 3157 612 3255 apud
631 3157 662 3230 se
681 3158 892 3248 confidcrat,

77 3257 216 3348 Malum
235 3256 365 3347 aufert,
391 3255 522 3328 bonum
541 3253 625 3328 veri)
642 3258 779 3356 accipit.

69 3453 133 3526 fiam
143 3453 275 3531 praestant,
294 3453 338 3510 vel
348 3453 507 3526 diliguntur,
528 3467 652 3522 memento
664 3452 815 3528 confideraere
831 3453 970 3528 cnjusmods
976 3452 1049 3531 fint,
1071 3475 1113 3511 ex-

74 3531 175 3588 armti
192 3532 322 3600 minimis3
341 3529 362 3596 (i
381 3531 459 3588 ossam
475 3550 547 3588 amas
556 3572 566 3601 ,
585 3546 610 3587 te
625 3531 702 3588 ossam
719 3551 807 3588 amare
823 3569 832 3598 ,
856 3551 884 3585 ea
900 3532 968 3587 enim
984 3531 1113 3601 confracsci

76 3622 128 3660 non
140 3607 276 3665 turbaberis
293 3635 302 3678 ς
321 3605 441 3682 ssfisium
457 3623 505 3664 aut
519 3625 623 3666 uxorem
638 3627 710 3663 amas
726 3651 736 3675 ,
764 3623 787 3664 te
803 3606 929 3668 hominem
943 3627 1031 3664 amare
1050 3650 1060 3680 ,
1086 3631 1113 3666 eo

75 3681 146 3738 enim
165 3699 262 3739 mortuo
279 3725 289 3754 ,
315 3703 364 3739 non
379 3682 526 3743 turbaberis.
566 3683 629 3740 Alia
645 3683 712 3740 alibi
726 3683 808 3742 habet
821 3684 850 3740 in
865 3685 992 3742 eamdem
1006 3683 1112 3743 senten·

76 3759 167 3826 tiam,
189 3777 248 3838 quae
261 3759 376 3819 Studiofi
393 3779 525 3839 quaerent.
1022 3819 1023 3825 χ
1102 3813 1107 3835 ,

115 3853 182 3916 305.
204 3835 356 3900 ’An-samu
371 3838 440 3919 &c.]
460 3835 626 3918 ‘transposui
643 3857 726 3898 voces
735 3878 746 3912 ,
763 3836 802 3898 ob
816 3837 933 3903 versum.
953 3840 1066 3899 Grotius.
1118 3904 1119 3908 Ἰ

599 3919 659 3986 253
1049 3935 1113 3990 309.
