2764 4652
160 239 518 322 Mannnnrrr
567 239 990 320 FRAGMENTA.
1045 257 1115 338 149

330 395 364 446 2.
390 373 508 444 Snidcs
523 378 558 444 in
575 397 651 444 voce
670 377 835 463 ἀβέλτερος.

56 467 231 569 Quisquis
249 469 364 545 naiius
380 472 501 546 herum
519 473 681 572 ignavum

54 571 108 643 Et
130 570 246 642 levem
262 570 348 644 fallit
364 570 497 663 servus,
522 570 634 644 nescio
652 566 826 668 quodnam

53 671 241 768 Magnum
258 668 327 768 ipse
341 668 469 743 facinus
487 670 653 758 ediderit,

52 767 138 864 Qri
155 767 356 841 insaniorem
374 767 523 842 reddidit
539 796 630 860 enm,
654 771 714 867 qui
729 771 800 866 jam
819 785 891 844 erat
904 769 1045 845 insanus.

103 889 141 965 3.
168 869 274 968 Apud
291 869 396 939 Schol.
413 869 458 938 ad
476 873 684 967 Hermogenis
702 877 778 969 Cap.
796 876 861 950 neri
877 873 1070 954 σεμνότητος.

54 965 197 1066 Neque
214 963 282 1063 ipse
297 965 391 1057 sirm,
417 989 499 1040 cum
517 967 616 1058 Diis,
641 966 738 1066 ligno
754 959 949 1038 subsariius.

237 1084 274 1158 4.
299 1065 404 1166 Apud
423 1067 609 1141 Athenium
625 1065 705 1140 Lib.
723 1065 791 1138 XI.
807 1089 843 1164 p.
861 1083 946 1160 504.

198 1197 318 1212 -··-
344 1164 493 1240 Nullum
512 1189 592 1238 anus
609 1164 740 1262 prorsus

52 1262 220 1338 Calicem
237 1261 542 1362 praetermittebat,
566 1263 621 1336 sed
635 1260 775 1346 bibebat
790 1260 825 1331 in
839 1256 971 1332 orbem.

242 1384 278 1459 5.
305 1362 410 1464 Apud
428 1363 571 1434 eumdem
589 1359 670 1434 Lib.
691 1359 776 1434 VII.
795 1384 830 1458 p.
851 1379 933 1458 301.

51 1463 151 1535 Puer
170 1459 332 1564 ingressus
352 1461 389 1536 &
405 1462 574 1562 Hepsetos
591 1459 712 1534 ferens.

93 1709 146 1753 10.
167 1693 209 1753 Ti
221 1691 330 1752 rnriin
344 1697 416 1771 ἀι]
437 1691 532 1754 Adfert
548 1695 701 1764 Arbernus,
717 1709 748 1752 ut
757 1690 914 1770 exemplum
925 1687 1102 1768 proserarro·

52 1770 93 1828 eis
113 1771 227 1844 idn‘iie,
247 1769 301 1848 qni
315 1774 431 1829 minutus
442 1769 571 1848 pisciculus
588 1769 762 1850 significatur.
793 1779 881 1826 Petrus
896 1769 963 1827 vero
980 1770 1100 1824 Vicicriur

52 1850 126 1904 Var.
143 1849 220 1908 Len.
240 1847 302 1910 Ha·
319 1852 356 1905 V.
372 1868 397 1906 c.
411 1857 437 1904 8.
456 1865 534 1924 putat
550 1847 621 1907 hunc
637 1849 731 1908 locum
744 1845 903 1908 conversum
917 1843 970 1904 esse
987 1843 1104 1904 {Terru-

53 1927 91 1981 tio
108 1926 141 1983 in
157 1925 264 1984 Andria
275 1925 337 1983 nn.
355 1928 397 1984 11.
409 1929 450 1984 Sc.
465 1929 507 1998 11,
524 1947 570 1994 3¹·

191 2096 279 2112 ...-
297 2060 387 2118 Etiam
397 2071 504 2134 puerum
517 2056 577 2115 inde
591 2057 677 2118 abiens
690 2059 797 2116 convcrri
808 2056 943 2131 Chremir,

134 2145 222 2194 Onera
237 2135 403 2214 &pisciculos
417 2137 529 2192 minutor
540 2135 608 2201 serre
622 2133 689 2192 obolo
702 2141 730 2192 in
745 2155 841 2194 cornum
851 2135 918 2210 seni.
981 2157 983 2163 ⁴

88 2266 118 2323 si
135 2264 215 2343 plura
226 2264 311 2326 verba
326 2285 340 2335 ,⁴
362 2280 393 2322 ut
408 2263 481 2324 rene
498 2265 541 2324 vir
556 2259 747 2330 doiiissimnr,
777 2264 919 2322 Menandri
932 2262 1035 2322 cirasset
1051 2272 1096 2322 A·

51 2341 191 2410 therinus,
223 2339 372 2402 manifesti)
389 2342 417 2399 id
434 2336 670 2418 teneri'poruisset.
706 2339 790 2410 and
807 2359 901 2400 aurem
917 2342 946 2398 in
960 2340 1101 2400 Perinthia

52 2419 153 2475 locum
170 2417 251 2477 illum
268 2415 474 2486 esse'ostendit‚
492 2417 548 2474 haec
560 2433 653 2474 aurem
666 2417 770 2474 Andria
786 2415 824 2474 est
840 2459 850 2490 ,
871 2435 968 2476 norum
983 2415 1036 2475 effe
1051 2417 1099 2474 de·
1149 2417 1154 2422 ’
1265 2452 1267 2466 1

52 2495 102 2552 bet
117 2493 243 2553 fabulam
257 2495 328 2554 hanc
341 2497 451 2552 Terentii
464 2495 479 2551 ὃ
493 2492 596 2552 dnobus
611 2494 751 2550 Menandri
765 2491 914 2551 conflatam
930 2491 998 2564 esse3
1019 2491 1097 2572 quod

53 2577 144 2649 po'e'ra
161 2570 216 2649 ipse
225 2614 234 2641 ‚
255 2573 284 2628 in
298 2571 443 2650 Prologo,
461 2567 595 2628 consessui
608 2569 646 2626 est
662 2575 691 2628 δι
708 2589 813 2649 purgat.
831 2571 916 2638 Quod
931 2571 999 2629 verb
1008 2579 1099 2628 Teren·

51 2653 106 2705 rius
120 2647 198 2706 olera
216 2647 280 2726 pisci
290 2648 431 2726 adiungit,
441 2650 477 2706 ita
492 2650 574 2723 coqui
583 2645 660 2703 ilium
670 2645 779 2706 blitum
788 2647 907 2705 declarat
914 2647 1028 2704 Eubulus
1039 2651 1098 2706 Co·

51 2726 166 2792 micus,
189 2729 261 2796 euius
272 2724 461 2782 testimonium
477 2724 648 2782 eodemloeo
658 2725 770 2812 citatum
792 2723 971 2800 equoetiam
981 2725 1096 2801 percipi·

50 2820 98 2936 epp
113 2799 201 2860 vilem
216 2801 288 2862 hunc
304 2799 407 2880 piscem
423 2799 515 2873 suisse,
534 2800 720 2879 quodViflorri
731 2800 911 2879 suspicionem
926 2819 1096 2880 magnopere

50 2896 68 2936 a
91 2895 178 2952 Juvat.

135 3005 267 3075 Ἀγαπῶ
282 3027 330 3074 rr,
350 2996 399 3084 κᾷν
415 3002 505 3078 ἔψηῖὶι
520 3002 542 3060 ir
558 3000 670 3068 recisiore
684 3000 729 3062 im

133 3079 188 3142 nni
203 3077 346 3152 iudiciiin
362 3080 483 3155 ἑψόμενον
498 3079 591 3159 incipite
604 3077 659 3156 idp-

92 3211 230 3293 Loquitur
247 3218 321 3276 enirn
336 3216 370 3274 de
384 3217 460 3272 renui
478 3215 593 3274 homine
611 3259 619 3286 ,
647 3219 750 3295 quique
761 3217 850 3279 viram
875 3217 997 3296 asperam
1018 3217 1095 3278 vive·

51 3310 117 3360 ret,
136 3305 280 3350 contentum
296 3313 353 3349 cum
368 3292 410 3369 effe
425 3291 534 3362 dicens,
543 3293 574 3372 fi
584 3293 659 3368 hujus
670 3298 766 3369 generis
775 3296 921 3370 pisciculum
935 3313 1034 3360 unum,
1052 3312 1094 3349 ra·

52 3371 84 3428 ri
99 3371 179 3426 eciam
187 3411 196 3439 ,
214 3367 484 3446 inccrprfiriqucspucir
500 3370 627 3426 duodicim
641 3371 741 3428 dicrum
752 3411 763 3443 ,
773 3375 800 3426 in
818 3371 878 3430 beris
893 3375 987 3428 conium
997 3370 1098 3426 videat.

53 3449 126 3504 Haec
142 3447 277 3516 minius,
296 3445 395 3520 quibus
409 3445 556 3504 adsentior.

21 3567 26 3578 ,
99 3543 143 3590 13·
164 3525 313 3658 nonacrim}
340 3519 436 3580 Verbo
457 3542 535 3581 tenus
551 3523 663 3581 convicia
679 3525 791 3602 quadam
807 3523 885 3582 vaide
900 3521 1092 3595 commedisti,
1189 3567 1193 3576 .

53 3593 134 3671 qnod
151 3599 292 3675 intelligen
313 3619 361 3656 urn
377 3598 579 3664 dehominibus
590 3601 819 3662 conviciantibus.
838 3600 929 3658 Habet
939 3600 996 3657 haec
1005 3601 1090 3658 eriam

54 3675 160 3739 Pharius
176 3676 205 3730 in
221 3677 323 3733 Lexico
337 3679 394 3734 MS.

101 3754 306 3822 15.’Arinnpn
342 3749 438 3810 Adfert
457 3751 569 3825 suidas,
596 3769 626 3810 ut
647 3753 725 3812 usum
749 3753 826 3824 hujus
848 3753 926 3816 vocis
948 3749 1094 3826 ostendat,

56 3846 142 3908 quiin]
157 3831 242 3890 etiam
256 3752 391 3914 Hesychius
405 3827 576 3904 ἱψηλιίφητι
591 3832 790 3909 interpretatur.
861 3855 862 3860 ¹

576 3937 731 4008 Kn.
