2764 4644
146 183 551 265 Purunmomrs
588 154 1001 264 FRAGMENTA.
1033 195 1105 290 3⁶5

114 322 175 413 67.
193 312 388 384 Philemonis
397 311 548 406 Junioris
564 310 688 384 Athen.
706 307 788 382 Lib.
807 308 893 382 VII.
912 333 947 408 p.
968 331 1051 396 291.

9 495 10 504 χ
66 411 126 490 Sic
148 435 233 512 ergo
252 409 349 483 smite
367 437 436 482 rem
444 406 598 501 babere,
623 411 741 509 ignem
761 403 897 482 tautirm
942 419 944 422 ’
1089 422 1095 435 ·

9 513 10 590 i
67 511 186 591 Facite
204 508 301 582 rebus
317 507 453 582 assandis
472 533 543 580 non
560 509 754 599 remissum,

70 609 181 701 (Talis
199 609 291 681 enim
309 631 381 680 non
396 607 546 698 tostum,
571 606 626 680 sed
645 607 773 680 elixum
792 604 887 696 facit)

68 709 199 808 Neque
214 730 327 780 acrem
337 756 349 796 ,
358 705 532 780 comburit
547 707 639 778 enim
649 729 875 805 quaecumque
884 701 1101 780 extrimsecue

68 805 759 904 Hicpraetereaincamemnonpenetrae
862 805 1079 905 (corripuerit
1086 835 1101 892 3

70 904 213 1004 Coquus
231 904 300 994 est,
326 927 397 976 non
413 902 439 977 fi
457 905 531 1004 quis
549 903 707 977 cochlear

69 1003 211 1080 Habens
222 1003 381 1094 uenerit,
406 1021 464 1078 aut
476 1001 654 1093 cultrum,
678 1001 721 1076 ad
736 1001 905 1102 aliquem,

71 1101 201 1200 Neque
220 1099 245 1173 s1
262 1101 335 1200 quis
351 1102 388 1174 in
404 1101 541 1201 patellas
557 1101 660 1200 pisces
675 1101 810 1199 jecerit.

71 1200 140 1273 Sed
156 1201 222 1274 hac
239 1199 276 1273 in
291 1223 328 1273 re
346 1199 395 1273 est
411 1200 566 1299 quaedum
587 1199 775 1298 prudentia.

118 1326 123 1336 '
339 1301 399 1377 68.
427 1311 459 1386 E
477 1311 639 1400 (immanis
656 1312 837 1409 Excerptis.

68 1408 220 1484 Divitias
237 1405 392 1506 adquiret
409 1408 507 1506 alias,
533 1432 603 1480 non
620 1431 744 1480 mores.

203 1521 265 1602 69.
291 1511 394 1614 Apud
412 1510 615 1613 siieophilum
633 1510 786 1582 Antioch.
802 1507 883 1586 Lib.
902 1510 969 1584 Ill.

71 1603 171 1688 Nam
191 1615 308 1690 Deum
330 1615 479 1692 colentes
497 1616 571 1717 spes¹
583 1616 688 1692 bonas
752 1621 759 1664 ¹

70 1713 214 1788 Habent
230 1715 271 1790 ad
288 1715 438 1789 salutem.

213 1843 272 1916 70.
299 1821 437 1895 Anthus.
458 1806 551 1925 Epig.
570 1819 651 1896 Lib.
671 1819 699 1892 I.
719 1844 751 1894 c.
771 1837 951 1919 Lxxxv‚4

71 1925 108 1998 Si
119 1921 199 1998 vere
216 1927 343 1998 mortui
364 1926 513 2026 quisunt
527 2011 531 2022 1

9 2077 11 2082 .
45 2044 52 2057 ’
71 2024 210 2096 Sensum
229 2023 414 2116 haberent,
439 2045 479 2099 ut
495 2024 633 2125 quidam
651 2026 791 2113 dicunt,

70 2124 139 2196 Me
155 2121 416 2222 strangularem,
441 2145 480 2198 ut
497 2122 881 2222 viderem-Euripidem.

75 2305 78 2312 ,
122 2301 128 2308 ,
205 2253 263 2316 71.
289 2231 393 2332 Apud
412 2237 589 2302 Luciannm
607 2232 647 2304 de
666 2233 745 2334 lapfi
763 2237 847 2300 inter
859 2231 958 2322 fhlnr.

71 2333 158 2402 Peto
174 2325 345 2402 sanitatem
365 2323 538 2428 primum,
564 2329 686 2402 deinde
704 2354 755 2402 res
772 2327 951 2418 secundas,

74 2424 238 2504 Tertium
255 2426 424 2527 gaudere,
449 2429 565 2527 postea
581 2427 704 2502 debere
719 2429 858 2500 nemini.

183 2553 240 2619 72.
266 2537 322 2601 Ex
339 2553 508 2632 comparat.
527 2529 768 2604 Menandri&
788 2532 990 2601 Philemonis.

71 2629 277 2728 Numquam
295 2631 444 2705 incusato
462 2631 670 2720 Fortunam,
696 2623 778 2703 cbm
792 2627 874 2700 'scias
1015 2721 1020 2726 Ι

70 2728 172 2802 Maio
190 2748 368 2828 tempore,
394 2733 497 2804 etiam
514 2755 564 2804 res
579 2729 707 2805 divinas
725 2727 885 2801 laborare.
993 2757 996 2763 ·

72 2925 173 2984 Fabula
189 2926 330 2993 reticetur3
352 2943 420 3003 puro
436 2931 512 2990 enim
526 2927 583 2986 haec
598 2928 682 2986 etiam
697 2945 730 2983 ex
747 2923 896 2984 Comoedia
910 2923 1038 3004 quapiam
1050 2923 1104 2984 esse

70 3002 203 3062 desumta.
240 3003 273 3060 Et
296 3002 425 3060 Philemon
443 3009 472 3062 δι
490 3005 673 3062 Menander&
691 3003 738 3060 alii
749 3005 928 3060 Recentioris
943 3003 1103 3060 Comoediae

70 3083 166 3138 Pobrae
183 3078 327 3152 Euripidem
341 3077 487 3152 admirati,
504 3087 534 3140 δι
551 3082 651 3140 imitati
665 3079 743 3149 suut,
763 3078 839 3157 quod
849 3079 895 3142 vel
908 3099 941 3139 ex
956 3079 1045 3136 Senbm
1060 3081 1102 3135 iu·

70 3155 194 3238 telligere
209 3154 279 3214 licet.
477 3205 480 3210 .

109 3243 175 3290 280.
190 3228 384 3305 ,ἈντηγξιῖμιννῙ
405 3231 479 3290 Mal&
494 3233 656 3306 ιἰπειιξέμινι.
675 3233 778 3290 Grotius
872 3249 873 3252 ’

110 3317 176 3367 281.
194 3308 267 3372 ΛιἻιῖ
280 3307 348 3382 &c.]
375 3311 506 3386 Nempe,
525 3311 541 3364 b
557 3311 631 3366 Diis.
666 3310 784 3367 Meliora
797 3308 857 3366 sunt
871 3307 927 3367 hec
941 3307 1025 3382 quim
1041 3325 1102 3384 quae

69 3385 231 3476 legebantur
246 3385 275 3441 in
291 3383 382 3442 Scoiio
395 3387 469 3457 cuius
484 3384 558 3462 (νυοῦ
575 3385 680 3442 Platone
696 3385 856 3464 antiquioris
871 3383 964 3482 paulli)
973 3382 1035 3461 pbst
1044 3403 1103 3441 me·

72 3464 155 3519 minit
170 3463 311 3518 Larianus:
332 3461 452 3528 ὑγιαίνειν
469 3465 515 3530 μὲν
529 3462 631 3536 specii,
649 3460 677 3518 ni
692 3457 805 3537 θεότιμον
819 3475 895 3518 aanor
910 3448 1108 3535 miseramini·

71 3560 112 3592 τιν
127 3535 156 3592 δὲ
170 3539 300 3596 ennesii:
318 3537 404 3594 name
417 3538 518 3616 quidem
535 3540 674 3616 optimum,
689 3539 829 3616 secundum
842 3539 960 3612 pulcrum
974 3539 1033 3612 effe,
1054 3543 1113 3594 mr*

70 3612 139 3669 tium
155 3613 215 3669 verb
227 3613 269 3690 effe
283 3614 401 3672 divitem.
795 3683 798 3686 Ι

113 3695 177 3757 284.
197 3693 244 3746 Τιὶ
260 3693 316 3746 isin
330 3687 459 3767 διαχεῖ]
485 3692 526 3748 Ex
542 3701 638 3748 eorum
655 3687 787 3748 sententia
804 3733 815 3757 ,
844 3690 891 3765 qui
905 3686 964 3748 fato
980 3707 1021 3746 res
1037 3687 1105 3746 divi·
1122 3761 1125 3766 .

72 3783 140 3832 nae,
162 3783 219 3828 non
235 3764 327 3823 miuus
341 3784 373 3825 ac
386 3766 535 3836 humanas,
550 3766 689 3826 obnoxias
705 3763 757 3824 esse
771 3766 934 3833 credebam
955 3765 989 3823 de
1001 3767 1104 3844 quavi-

70 3843 106 3903 de
124 3844 231 3921 Fregm.
246 3841 359 3904 »Fabulae
381 3847 475 3928 Rubrae
491 3843 576 3909 nostri
590 3886 603 3916 ,
629 3863 690 3923 quae
706 3843 858 3904 inscribitur
872 3842 991 3907 Thebani,
1031 3843 1114 3976 Vipe-

432 3944 437 3953 2
793 3953 795 3960 ,
1076 3935 1108 3975 0,
