2756 4652
10 54 18 222 i

10 225 12 322 Ι

183 191 544 280 MENANDRI
590 190 1014 284 FRAGMENTA.
1038 211 1041 218 ’
1064 199 1141 309 ²79

487 335 573 426 2⁶3·
598 323 738 401 Ibidem.

9 509 10 540 ι
92 444 229 538 Iuvenis
247 446 307 544 qui
324 468 369 520 ex
385 459 458 518 arte
474 440 529 516 sua
546 464 617 514 non
634 439 695 516 alit
712 457 880 536 matrem,

91 546 126 620 Is
144 546 195 620 est
210 570 322 620 ramus
340 542 457 618 sterilis
473 539 493 614 a
509 539 635 614 radice.

158 667 245 757 264.
272 659 377 762 Apud
393 661 548 755 Hermeg.
566 655 607 726 de
626 661 755 729 Invenr.
775 655 856 730 Lib.
874 656 941 731 IV.
959 683 992 732 c.
1015 686 1071 737 11.
1106 721 1110 730 .

89 772 355 846 Bacchanalium
376 773 469 844 enim
486 785 558 842 erat
575 792 726 867 pompa,
751 767 812 842 hic
829 765 914 846 verb
930 795 988 844 me

90 872 198 946 Tunc
216 872 372 971 sequutus
390 870 441 943 est
456 868 558 1040 usgue
575 867 618 941 ad
630 891 794 968 januam,

49 3325 60 3341 Ι
84 3269 212 3326 detentut
225 3269 255 3324 in
269 3267 438 3324 transeuntes
451 3262 485 3322 ab
502 3263 722 3342 egredientibus,
752 3264 876 3324 solebant

90 968 339 1070 Ventitinsque
357 967 491 1044 &blan
514 964 585 1040 iens
603 968 705 1042 matri
785 1003 786 1006 ¹

89 1067 157 1143 Me
173 1072 353 1170 cognovit.
499 1119 502 1124 ·
684 1155 686 1158 ,

174 1193 260 1282 265.
285 1181 390 1286 Apud
405 1180 540 1251 Suidem
557 1186 721 1255 inue'nru.
743 1178 908 1284 Arrflcpb.
928 1181 1033 1258 Sthe).
1111 1247 1115 1256 ,
1142 1213 1145 1219 ·

224 1331 342 1346 --
367 1291 508 1367 Pulsabo
527 1291 653 1365 ostium
678 1325 762 1341 --

88 1391 157 1469 Sed
174 1394 278 1467 etiam
296 1391 413 1492 aliquis
433 1391 616 1492 strepitum¹
628 1387 750 1464 edebat
768 1389 811 1464 ad
824 1393 964 1492 januam
975 1397 1100 1472 exiens.

165 1513 250 1579 266.
276 1506 380 1610 Apud
397 1511 607 1582 Ammonium
622 1505 663 1576 de
681 1501 767 1607 Dr‘ff.
785 1508 858 1576 Vnt.
877 1513 912 1576 e'n
928 1515 1061 1602 duranti}

375 1643 494 1656 ·-—·-
519 1603 706 1704 poculum,
1052 1648 1057 1656 ,
1128 1653 1130 1658 ,

5 1655 6 1698 ἒ
88 1702 269 1798 Mensam,
294 1703 479 1804 harpagum
497 1704 534 1778 &
552 1703 738 1778 secundum
757 1703 892 1780 cadum.

267 1825 351 1903 267.
377 1817 482 1915 Apud
499 1814 678 1890 Zenobiam
696 1822 785 1888 Cenr.
805 1814 875 1910 III,
893 1813 952 1920 87.

87 1916 145 1990 Ad
162 1916 285 1990 malam
304 1938 454 1988 crucem.

86 2121 207 2194 σρῖίγμι
221 2110 328 2191 uie-mir
343 2113 447 2181 inbuet-t
458 2110 605 2186 βελῗίςοιςι
625 2112 670 2171 ubi
678 2113 809 2188 sententia
825 2115 906 2191 turpis
921 2111 971 2187 eli,
998 2129 1056 2173 turn
1069 2135 1126 2174 me-

86 2196 155 2251 nime
175 2206 231 2267 epus
252 2191 285 2260 est
307 2189 430 2262 honestare
447 2192 597 2265 sermonis,
623 2205 654 2246 ur
676 2192 744 2266 qued
761 2192 860 2268 capitur
877 2195 982 2267 turpiter
998 2191 1030 2252 dc
1042 2195 1127 2268 efferet

85 2270 208 2346 quispiam
228 2268 314 2325 denne
330 2309 339 2338 ,
365 2280 395 2320 ur
416 2285 503 2324 nemen
519 2265 618 2322 nemine
627 2279 801 2341 permutans,
832 2269 960 2326 nonnuliis
976 2289 1026 2326 nnn
1037 2271 1127 2328 vedea-

83 2365 128 2402 tur
143 2347 223 2420 turpis
234 2363 270 2400 ret
278 2386 289 2416 ,
305 2356 403 2419 prepter
410 2343 532 2417 sermonis
545 2340 714 2416 honestatem,
732 2359 762 2400 ut
774 2345 842 2419 apud
857 2347 1049 2415 Menandrum,
1059 2367 1125 2426 que-

83 2439 154 2480 rente
167 2421 278 2511 quendem
292 2418 423 2552 dffella,
442 2419 486 2497 qui
502 2420 602 2476 vitiata
615 2421 670 2496 effer
684 2461 696 2493 ,
721 2423 862 2479 verecunde
876 2423 987 2500 exposuit
1002 2443 1056 2482 rern
1068 2442 1126 2482 tur·

81 2514 140 2576 pern
155 2513 254 2574 eprrmrs
268 2517 313 2554 ver
329 2517 360 2554 rs.

3 2591 5 2606 ³
124 2595 157 2643 71
166 2597 191 2646 ς.
203 2573 291 2641 ”Eum
303 2577 350 2650 με]
371 2561 478 2632 Lotum
492 2571 564 2630 hunc
580 2573 646 2631 citat
662 2581 719 2631 Per.
735 2573 817 2645 Jren.
829 2573 992 2653 Nunnefius,
1014 2578 1126 2638 not'isiu

84 2649 259 2727 Phrynichunr
274 2694 284 2721 ,
301 2671 339 2726 tp.
358 2671 401 2708 ιο.
426 2667 455 2707 ιιι
479 2650 576 2728 probet
600 2668 694 2708 contra
709 2661 790 2710 Henr.
804 2651 960 2728 Stephanum
978 2675 1036 2712 non
1053 2655 1126 2734 apud

84 2728 254 2787 Plutarchum
279 2727 386 2785 tantum
411 2726 513 2784 exstare
529 2746 628 2784 votem
646 2726 794 2796 uterinum,
818 2729 852 2787 ad
871 2727 1043 2808 congressum
1060 2752 1125 2791 cum

84 2806 174 2883 puella
199 2802 420 2882 fignificandum.
452 2803 533 2862 Idem
556 2802 683 2861 observat
698 2805 788 2862 Thom.
802 2810 944 2864 Garakerus
961 2809 989 2864 in
1005 2807 1072 2867 Diff.
1090 2809 1126 2866 de

84 2884 156 2964 stylo
172 2887 212 2939 N.
229 2886 266 2940 T.
282 2884 352 2958 Cap.
370 2886 422 2938 XI.
444 2900 494 2937 nec
510 2879 644 2938 Hebraeos
660 2881 803 2940 dumtaxat
817 2925 828 2954 ‚
855 2881 900 2942 sed
917 2889 946 2942 δι
962 2885 1078 2944 Latinos
1088 2886 1127 2946 ita

85 2962 215 3042 loquutos
231 2957 326 3016 multis
340 2957 517 3016 demonstrat.

123 3049 191 3110 716.
210 3035 312 3111 Κέψω]
333 3034 430 3093 Adfert
444 3035 551 3105 Suidun,
570 3050 599 3090 ut
613 3032 739 3092 ostendat
752 3034 866 3093 verbum
883 3035 937 3094 hoc
950 3038 1005 3096 dici
1019 3031 1057 3098 ‘de
1072 3040 1105 3097 iis
1113 3029 1139 3110 ‚'

85 3117 133 3192 qui
150 3112 313 3171 extrinsecus
329 3111 402 3169 fores
417 3110 539 3188 pulsant,
559 3110 658 3178 doerit
674 3113 708 3168 de
726 3112 759 3168 iis
767 3115 813 3187 qui
825 3113 995 3174 intrinsecus.
1016 3118 1125 3175 Locum

84 3193 159 3250 vide.
188 3195 299 3250 Notum
315 3189 353 3248 est
367 3191 460 3260 ianuas
473 3188 577 3246 aedium
592 3189 620 3244 itt
635 3188 776 3265 publicum
792 3208 924 3324 apertat}
945 3211 1004 3284 quae
1020 3212 1055 3282 ne
1072 3193 1127 3248 illi-

912 3288 920 3323 t
957 3287 1013 3326 nus
1029 3285 1126 3328 tntttn·

83 3346 158 3403 secus
172 3345 274 3402 ostium
288 3343 411 3420 pulsare,
430 3341 507 3419 quod
518 3339 615 3412 ψιφεῒι
633 3344 718 3398 Graeci
733 3342 880 3400 vocabant.
938 3287 956 3346 P

124 3441 191 3492 720.
209 3427 253 3486 Ἐς
267 3421 391 3498 κόρακας]
409 3419 485 3487 jVult
504 3417 625 3475 zenobius
646 3421 674 3474 in
692 3417 828 3476 Theflalia
840 3419 932 3476 locum
949 3417 1052 3488 fuisse,
1075 3419 1126 3482 ‘cui
1163 3487 1169 3492 ,

85 3502 173 3560 Corui
193 3503 322 3569 nomen,
347 3497 405 3575 qui)
427 3494 569 3554 maleficos
583 3495 816 3571 praecipitabant,
844 3495 916 3553 unde
932 3497 1124 3572 proverbium,

84 3580 162 3644 cuius
182 3573 311 3652 frequent
329 3574 403 3652 apud
418 3573 595 3630 Menandrum
612 3573 729 3630 mentio.
768 3578 844 3629 Tum
862 3571 914 3629 alia
930 3570 1023 3632 minias
1038 3575 1128 3636 verist-

85 3655 164 3712 milia
188 3669 299 3710 narrat..
323 3652 373 3710 Ad
397 3669 484 3710 cervos
505 3649 685 3708 mittebantur
703 3667 821 3724 quotum
838 3649 969 3706 cadavera
984 3655 1075 3712 corvis
1090 3653 1130 3712 la-

84 3728 188 3787 nianda
208 3728 424 3806 praebebantur,
451 3727 570 3805 inde‘que
595 3743 655 3786 otta
673 3725 802 3804 loquutio
817 3725 1039 3790 abominamum
1052 3732 1131 3810 quid·

84 3809 162 3886 piam
170 3846 182 3880 ,
192 3811 231 3866 v&
247 3806 402 3868 dicentium
418 3806 454 3874 εἰς
468 3804 597 3886 nepueu„

516 3939 518 3944 ’
630 3947 688 4020 54
740 3961 742 3966 ’
1060 3957 1130 4026 ¹721,t
