2764 4652
159 207 519 288 maunuuar
568 205 984 308 FRAGMENTA„
1039 197 1110 310 155

78 414 1091 485 anna÷a:rrat:aan<ntdannamariaurnnntnntntnnauta

327 591 361 664 E
410 592 434 667 S
459 592 479 664 I
504 591 537 666 C
561 593 599 667 Y
624 595 662 669 Ο
687 590 730 665 N
757 591 774 664 I
799 592 849 666 Ο.

260 810 290 860 1.
316 790 421 890 Apud
438 791 595 884 Saleium,
619 795 750 872 innanti
769 791 826 876 μὲν
839 793 918 890 ider.

61 823 293 972 HOnesta
311 887 450 987 quidem
468 887 569 964 facies
587 942 600 984 ,
623 889 679 963 sed
696 889 785 960 intus
804 887 934 961 animus
952 888 1102 964 timidus.

10 1055 11 1072 2
412 1011 445 1061 2.
472 987 557 1061 Ibid.
577 997 611 1059 e'n
626 991 764 1076 clypeam.

63 1078 248 1182 Navigant
265 1085 301 1157 in
317 1106 457 1184 portum
475 1087 650 1162 defertur?
675 1085 780 1162 hostis
794 1084 988 1184 judicatur,

63 1179 101 1254 Si
119 1179 260 1257 molliits
278 1201 348 1254 cunr
363 1213 397 1256 eo
416 1205 555 1286 agatur,
580 1212 665 1262 onus
682 1187 713 1260 ei
732 1185 933 1282 imponitur.

274 1303 305 1380 3.
331 1286 435 1388 Apud
452 1286 598 1356 Srobeurn
614 1279 701 1358 Flor.
720 1285 783 1354 Tit.
803 1284 906 1365 LllI.

63 1373 241 1458 Convicio
258 1380 447 1475 obnoxius,
471 1403 510 1458 ut
527 1385 682 1484 videtur,
707 1402 846 1482 apparet

63 1475 194 1570 Militis
210 1477 247 1554 &
265 1483 463 1559 mercenarii
481 1482 625 1558 habitus.

387 1603 424 1677 4.
451 1591 508 1652 Ex
525 1585 628 1658 Sarda
646 1590 680 1656 in
695 1579 784 1671 ἅβρα.

152 1703 292 1729 ·--
316 1679 457 1754 Etenim
475 1682 629 1755 ancillam
649 1681 731 1754 alius
747 1681 826 1764 loco
843 1699 959 1751 emens

63 1768 228 1850 Amatam
246 1777 328 1852 huic
346 1780 483 1880 quidem
502 1805 572 1854 non
591 1781 685 1855 dedit
696 1779 915 1869 iubendam,

63 1870 133 1944 Sed
149 1875 303 1950 alendam
321 1878 477 1970 seorsim,
502 1900 544 1956 ut
560 1880 698 1954 liberam
716 1880 828 1957 decet.

362 2001 397 2075 5.
425 1985 658 2082 Harpocration
676 1987 711 2048 in
726 2005 812 2051 noce.

63 2073 237 2148 Recusare
253 2077 386 2178 nuptias

127 2223 130 2228 ·
353 2186 389 2250 6.
415 2181 649 2280 Harpocration
666 2185 700 2248 in
718 2201 805 2248 voce.

7 2299 8 2302 ¹
66 2267 200 2372 Saepiits
217 2273 374 2357 venditus
446 2331 450 2338 ·

64 2447 122 2507 scio
139 2451 238 2534 quibus
261 2455 409 2513 maritimis
472 2454 566 2535 pulis,
594 2454 641 2533 q'ui
662 2473 745 2515 naves
761 2453 917 2546 peregrinas
930 2453 1100 2532 adpellentes

65 2527 260 2601 invadebant,
285 2529 360 2607 quali
384 2531 421 2589 lto
445 2534 494 2591 iles
509 2552 519 2602 3
543 2549 591 2591 aut
603 2532 675 2591 certi
687 2532 722 2590 ab
739 2533 772 2589 iis
787 2532 931 2610 quidpiam
949 2531 1099 2591 onerosum

65 2605 228 2681 exigebant,
251 2605 395 2666 stmulliits
410 2629 472 2670 cum
489 2611 523 2668 iis
535 2627 663 2690 agerent,
682 2628 747 2666 nam
763 2607 816 2668 hoc
831 2606 965 2687 fignificat
981 2608 1097 2668 terbum

65 2682 279 2754 ἀγγαρεύεσθαι,
299 2702 328 2742 ut
340 2685 421 2744 docet
433 2688 532 2746 Saldae.
573 2684 657 2744 Poiiit
673 2691 702 2744 δι
719 2685 771 2743 hoc
788 2683 880 2743 referti
897 2685 931 2743 ad
947 2684 1098 2763 antiquilsr-
1183 2709 1186 2720 ·

7 2819 8 2830 ,
65 2775 113 2818 ma
128 2761 240 2818 Gtaeciae
253 2777 396 2838 tempora,
417 2763 513 2839 quibus
528 2763 640 2842 piratica
656 2763 724 2820 mari
739 2762 932 2832 exercebatur,
954 2762 1099 2820 latrocinia

65 2834 135 2968 tItptbb
148 2835 226 2972 qetrib
235 2834 332 2928 palsqm
348 2836 469 2911 fiebant,
487 2840 522 2900 de
536 2839 635 2919 quibus
648 2838 839 2920 temporibus,
848 2838 911 2898 vide
925 2839 1097 2915 Thucydidem

94 2929 132 2966 t.
165 2931 206 2970 ,α
240 2931 330 2972 mttto.

76 3030 80 3036 -
109 3009 133 3059 5.
154 2989 194 3048 Ti
208 2993 244 3048 τέ
258 2990 329 3068 ξένε]
343 2991 414 3058 tim
426 2993 538 3068 quidem
549 2994 691 3068 peregrinas
705 2991 815 3071 proprii
831 2990 868 3050 eli
883 3034 894 3060 ‚
913 2989 958 3050 sed
975 2991 1022 3049 ubi
1039 2993 1098 3070 agi·

67 3082 110 3122 tur
125 3067 159 3123 de
175 3066 331 3139 militibus,
349 3069 537 3146 intelliguntur
552 3071 699 3128 mercenarii
714 3112 723 3137 ,
751 3071 797 3145 qui
816 3068 921 3146 semper
936 3087 1013 3126 etant
1026 3089 1102 3146 pere·

68 3143 160 3219 grim,
179 3146 243 3218 quia
257 3143 306 3201 soli
318 3147 451 3224 peregrini
460 3145 586 3202 mercede
594 3146 778 3206 merebantur.
799 3146 886 3212 Vide,
907 3143 1099 3213 finecelleest‚

69 3229 149 3276 Henr.
170 3219 270 3292 ·Valefii
291 3221 541 3280 animadversiones
556 3223 584 3279 in
599 3241 678 3280 notas
692 3224 762 3280 Part.
778 3223 902 3298 Mandaei
917 3224 946 3278 in
960 3233 1102 3298 Harpocra-

68 3300 160 3356 rionern
177 3315 204 3386 p.
221 3305 285 3354 ηε.
304 3302 332 3354 δι
349 3298 422 3375 seqq.
736 3351 740 3356 .

107 3383 134 3440 ο.
153 3373 206 3430 Kal
222 3373 316 3451 lippet]
336 3377 425 3432 Locus
440 3374 580 3432 Menandri
592 3375 691 3432 citatur
703 3377 781 3444 huius
796 3376 872 3432 vocis
888 3369 984 3443 causi,
1002 3371 1099 3451 dequa

69 3450 187 3514 diximus
200 3449 235 3506 ad
245 3449 369 3510 '‘Aaaeor.
388 3451 462 3510 Vide
475 3451 510 3508 ad
525 3451 595 3512 hunc
612 3451 705 3510 locum
720 3453 798 3510 saida
814 3455 999 3527 interpretem.

109 3550 136 3596 9·
151 3526 313 3603 ’naeinam
342 3526 421 3586 Hanc
441 3547 539 3586 rocem
562 3529 601 3586 ait
618 3531 795 3601 Harpocration
817 3528 835 3584 fi
857 3525 966 3587 nificare
983 3524 1098 3602 quidem

70 3601 203 3670 recusate,
223 3601 267 3660 sed
285 3603 431 3680 praesertim
453 3606 580 3679 nuptias3
600 3623 683 3679 quam
700 3607 729 3662 in
742 3625 816 3678 rem,
838 3547 933 3662 laudat
949 3601 1012 3661 ciam
1027 3603 1100 3664 alios

71 3679 165 3750 telles,
185 3697 242 3736 tum
259 3681 432 3736 Menandrum
446 3681 476 3738 iu
491 3681 631 3757 Sicyonio.
782 3719 787 3730 =

112 3776 156 3814 to.
176 3754 358 3834 neolauritae]
376 3761 488 3816 Servum
502 3755 601 3833 saepiits
616 3757 759 3816 venditum
775 3755 944 3836 fignificabat
958 3755 1015 3816 baec
1031 3775 1099 3830 vox,

71 3853 99 3900 ut
107 3831 224 3916 liquebat
232 3852 264 3903 ea
272 3831 484 3904 loeooaenendri
490 3876 502 3908 ,
511 3831 697 3972 inhathabujla
706 3853 978 3914 ‚quamtamennon
985 3833 1100 3980 progeqq
