2732 4652
205 171 564 256 MENANDRI
588 171 1006 258 FRAGMENTA.
1091 189 1125 284 7

202 304 238 383 8.
264 277 457 384 Ammonius
470 309 511 380 de
529 309 614 402 Dff.
634 313 707 382 Voc.
726 311 763 384 in
780 318 974 407 διέφθαρται.

85 417 127 492 Si
141 417 166 489 is
181 413 230 488 est
248 416 308 514 qui
326 413 473 514 puellam
491 413 656 513 conttpit.
856 461 862 470 -

249 537 286 605 9'.
312 521 416 622 Apud
433 517 473 620 J.
493 517 641 591 Stobeum
657 523 707 592 Fi.
728 518 794 593 iit.
812 517 959 602 XLIV..

77 624 128 698 Α.
151 621 326 696 Coiendos
343 622 409 696 eiii:
427 620 646 724 Magistratus
662 623 800 723 antiqua
816 623 872 698 lex
888 623 1003 702 habet.

29 760 33 769 ·
73 723 124 795 B.
149 722 239 798 Non
256 724 400 796 omnino
418 741 557 822 oportet
574 721 670 796 maiis
685 724 813 820 quidvis
830 727 1051 822 permittere,

71 822 145 896 Sed
161 820 334 909 refistere3
361 819 411 896 fin
425 819 558 914 mimis,
581 821 706 896 sursum
723 821 880 897 deorsum

69 921 169 996 Tota
185 922 259 996 vita
275 919 388 995 nostra
404 919 532 996 inversa
547 919 665 996 senfim
682 923 820 1022 agetur!

197 1048 254 1098 10.
282 1024 424 1118 Eussnth.
441 1031 476 1096 in
494 1031 593 1098 Hom.
611 1025 902 1120 MDCXLVH,
927 1023 988 1126 58.

120 1177 123 1188 ·
292 1161 411 1178 --
434 1127 590 1202 resarcire
609 1130 697 1202 mihi
719 1129 840 1204 videor
855 1149 939 1204 rete.

196 1253 255 1304 11.
284 1235 431 1304 Donatus
447 1239 481 1302 in
499 1231 745 1336 adenona.
766 1234 796 1306 I.
813 1239 848 1304 S.
868 1233 900 1326 I,
924 1235 980 1306 18.
1059 1258 1064 1268 '

60 1335 106 1412 O
122 1332 267 1410 beatum
285 1359 342 1409 me
358 1334 368 1407 i
393 1359 537 1410 uxorem
554 1337 646 1409 enim
662 1359 733 1410 non
749 1335 851 1411 duco.

127 1463 184 1514 12.
211 1447 293 1514 Intt.
312 1440 356 1510 ad
371 1441 498 1514 Terent.
516 1441 663 1545 Adelph.
681 1446 763 1515 An.
778 1441 808 1514 Ι.
826 1447 879 1512 Sc.
898 1437 948 1533 II,
962 1455 998 1536 4,
1013 1460 1049 1538 5.

61 1542 141 1642 Qri
157 1567 274 1644 neque
291 1540 484 1618 erubescere
501 1545 621 1637 novit,
645 1569 755 1646 neque
771 1546 916 1635 timere,

59 1637 301 1744 ltnpudentiae
319 1645 443 1744 primas
461 1663 571 1743 partes
587 1644 715 1746 attigit.

263 1809 270 1816 .
385 1767 441 1849 η.
467 1747 592 1820 Ibidem
608 1749 654 1819 ad
672 1750 713 1835 Ῡ.
734 1747 792 1824 18.

61 1848 245 1949 Imperitia
264 1847 350 1924 nihil
366 1848 416 1922 est
430 1845 597 1923 audacius.

62 2051 134 2126 Hei
147 2052 243 2126 mihi
256 1951 507 2127 iliibiltbiiinirit
520 1947 958 2124 iifiice‘nifieii'fusr'oiem
974 2071 1077 2126 creat.

309 2179 365 2254 15.
390 2155 519 2228 Stobeus
537 2157 623 2228 Flor.
642 2155 706 2224 Ἱῑτ.
723 2153 863 2228 XCVI.

72 2255 121 2332 Ad
134 2257 257 2332 omnia
272 2255 410 2330 timidus
425 2277 553 2354 pauper
570 2253 620 2326 est
637 2255 797 2353 negotia,

66 2354 110 2430 Et
124 2381 250 2432 omnes
265 2354 298 2429 se
312 2374 534 2446 contemnere
551 2371 659 2452 putat.
719 2364 722 2369 ’

60 2553 163 2613 ciffirna
177 2577 213 2616 ex
226 2556 284 2626 eius
296 2553 515 2616 Commentariis
530 2550 631 2609 hauriri
645 2543 803 2632 ¹potnerunt.
822 2547 875 2608 Sed
890 2566 934 2608 ert
949 2545 1101 2609 iliustrandi

58 2635 195 2703 Veteres,
215 2652 251 2692 eo
265 2654 345 2706 aevo,
364 2652 422 2690 non
436 2631 496 2689 satis
510 2646 575 2686 nota
592 2647 658 2686 erat.

93 2728 142 2778 31.
155 2708 209 2778 Ὃς
222 2709 248 2768 δ’
260 2708 305 2772 ἔτ’
320 2711 430 2788 ἐρυθριᾷ,
440 2709 510 2784 &c.]
534 2703 711 2764 Profetuntur
729 2704 787 2762 haec
803 2701 964 2770 Menandri,
995 2700 1031 2758 ab
1048 2706 1097 2759 ln·

53 2802 177 2864 terprete
199 2790 309 2846 Terentii
329 2787 400 2846 Frid.
423 2781 623 2860 lindenbrogio,
649 2779 725 2862 quafi
738 2780 754 2839 ὲ
768 2779 890 2851 Prilrimi
903 2777 968 2836 Lib.
983 2781 1099 2838 XVIII.

52 2863 101 2922 ubi
118 2881 216 2922 tamen
231 2866 353 2923 invenire
368 2883 426 2922 non
442 2879 529 2942 potui.
654 2891 659 2900 ·

95 2961 145 3009 3³·
167 2943 226 2998 oie
243 2943 278 3002 ἶς’
291 2942 377 3007 ἀνοίας
396 2939 464 3017 &c.]
492 2937 572 2998 Idem
587 2939 659 2998 hunc
671 2931 833 2992 verfimium
845 2929 991 2989 Menandro
1003 2930 1099 2992 tribuit

51 3019 81 3076 ἀ
101 3015 216 3076 confert
231 3039 293 3078 cum
305 3019 358 3077 hoc
372 3017 482 3075 Terentii
498 3017 558 3075 Ast.
574 3021 615 3074 11.
630 3020 656 3074 S.
671 3018 698 3083 1,
716 3020 760 3068 18.
799 3033 803 3042 ’

135 3097 247 3152 Homine
259 3098 375 3172 imperito
388 3113 532 3170 numquam
546 3093 688 3171 qmnthn
701 3086 825 3164 infinitior.
956 3161 963 3174 0

96 3193 146 3242 34·
168 3171 207 3230 οἵ
220 3197 263 3242 μοι
276 3172 344 3248 &c.]
362 3171 505 3230 Menandro
520 3170 627 3231 tribunt
650 3171 680 3228 ἃ
697 3165 844 3226 conterunt
858 3181 922 3222 cum
936 3158 977 3220 hrt
993 3165 1098 3222 Teren·

49 3245 139 3306 tianis
157 3247 221 3306 Ast.
238 3247 279 3307 li.
295 3253 321 3306 S.
335 3253 361 3320 1,
375 3269 423 3320 43.

134 3325 250 3383 Minimi
262 3328 355 3397 miror,
375 3328 420 3401 qui
434 3322 543 3399 infimior
558 3323 678 3398 accipiant
691 3341 723 3378 et
736 3318 842 3392 injurio

94 3422 145 3473 ³5·
165 3402 229 3478 Πρὶς
246 3403 354 3460 interm
372 3401 441 3480 ito]
470 3401 540 3460 Ideo
556 3401 591 3460 ad
607 3399 677 3458 hanc
692 3395 872 3456 comoediam
888 3391 944 3450 haec
959 3388 1041 3452 verba
1056 3409 1097 3448 re·

49 3477 105 3536 tuli
122 3521 133 3548 ,
164 3478 241 3556 quod
255 3499 288 3538 ex
305 3479 339 3537 iis
353 3475 472 3560 exprefft
488 3478 633 3538 videantur
644 3477 705 3536 -haec
720 3473 888 3534 Tetartiana
903 3470 966 3528 Ast·
983 3471 1037 3527 IV.
1052 3472 1095 3526 Sc.

49 3559 99 3614 111
131 3574 145 3614 1
176 3594 183 3611 .
432 3599 434 3606 ,

101 3598 113 3630 ’
130 3577 246 3702 Diones,
255 3632 355 3710 quibunt
371 3651 409 3688 res
417 3631 482 3707 fient
497 3631 583 3692 minin
592 3629 809 3706 fnantiemgis
816 3619 1097 3704 fitntnescioguomodo

129 3709 257 3785 suspiciost
264 3753 274 3781 ,
292 3710 329 3767 ad
342 3710 518 3770 contumeliare
528 3709 748 3784 mancipiant
763 3706 860 3779 mutin

128 3794 235 3865 Propter.
241 3787 511 3868 suanimponntiam
518 3829 530 3862 ,
543 3787 572 3867 le
579 3785 677 3921 [ἔφη
690 3783 796 3842 credunt
811 3778 909 3858 negligi.
1063 3858 1097 3909 In
